@inproceedings{GTCNN,
  author = 	 "Kaito Imai et al",
  title = 	 "Gated Texture CNN for Efficient and Configurable Image Denoising",
  booktitle =  "European Conference on Computer Vision AIM Workshop",
  year = 	 "2020",
  pages =	 "665-681",
}

@inproceedings{ViT,
  author = 	 "Alexey Dosovitskiy, Lucas Beyer, Alexander Kolesnikov, Dirk Weissenborn, Xiaohua Zhai, Thomas Unterthiner, Mostafa Dehghani, Matthias Minderer, Georg Heigold, Sylvain Gelly, Jakob Uszkoreit,and Neil Houlsby",
  title = 	 "An image is worth 16x16 words: Transformers for image recognition at scale",
  booktitle =  "International Conference on Learning Representations",
  year = 	 "2021",
}

@inproceedings{SA,
 Author = "Ashish Vaswani et al",
 Title = "Attention Is All You Need",
 Year = "2017",
 booktitle = "Advances in Neural Information Processing Systems",
 pages = "5998â€“6008",
}

@inproceedings{Swin,
 Author = {Ze Liu et al},
 Title = {Swin Transformer: Hierarchical Vision Transformer using Shifted Windows},
 Year = {2021},
 booktitle = {International Conference on Computer Vision},
}

@inproceedings{Restormer,
    title={Restormer: Efficient Transformer for High-Resolution Image Restoration}, 
    author={Syed Waqas Zamir et al},
    booktitle={IEEE/CVF Conference on Computer Vision and Pattern Recognition},
    year={2022}
}
